<?xml version="1.0" encoding="UTF-8"?><collection xmlns="http://www.loc.gov/MARC21/slim"><record><leader>00400nam--2200133-i-4500</leader><controlfield tag="001">000022385</controlfield><controlfield tag="002">20161230</controlfield><controlfield tag="005">20161230201034</controlfield><controlfield tag="008">060222s1000------------r-----000-0-eng-d</controlfield><datafield ind1=" " ind2=" " tag="245"><subfield code="a">Integrated circuits. design principles and fabrication</subfield></datafield><datafield ind1=" " ind2=" " tag="260"><subfield code="a">New York, Mcgraw-hill Book Co., 1965, Xxix + 385p</subfield></datafield><datafield ind1=" " ind2=" " tag="490"><subfield code="a">Motorola Series In Solid-state Electronics</subfield></datafield><datafield ind1=" " ind2=" " tag="700"><subfield code="a">Raymond M.Warner</subfield></datafield><datafield ind1=" " ind2=" " tag="852"><subfield code="a">21308</subfield></datafield></record></collection>